<?xml version='1.0' encoding='UTF-8'?>
<record xmlns="http://www.loc.gov/MARC21/slim">
  <leader>01685cam a2200373 a 4500</leader>
  <controlfield tag="001">501432</controlfield>
  <controlfield tag="003">NjP</controlfield>
  <controlfield tag="005">20180808123821.0</controlfield>
  <controlfield tag="008">890323s1973    ir            000 0 ara d</controlfield>
  <datafield tag="024" ind1="7" ind2=" ">
    <subfield code="a">princeton_aco002631</subfield>
    <subfield code="2">local</subfield>
  </datafield>
  <datafield ind1=" " ind2=" " tag="035">
    <subfield code="a">(OCoLC)ocn175743037</subfield>
  </datafield>
  <datafield ind1=" " ind2=" " tag="035">
    <subfield code="a">(OCoLC)25829438</subfield>
  </datafield>
  <datafield ind1=" " ind2=" " tag="040">
    <subfield code="a">NjP</subfield>
    <subfield code="c">PUL</subfield>
    <subfield code="d">PUL</subfield>
  </datafield>
  <datafield ind1=" " ind2=" " tag="035">
    <subfield code="a">(OCoLC)175743037</subfield>
  </datafield>
  <datafield ind1=" " ind2=" " tag="035">
    <subfield code="a">(CStRLIN)NJPG89-B14657</subfield>
  </datafield>
  <datafield ind1=" " ind2=" " tag="035">
    <subfield code="9">ACH7209TS</subfield>
  </datafield>
  <datafield ind1=" " ind2=" " tag="035">
    <subfield code="a">(NjP)501432</subfield>
  </datafield>
  <datafield ind1=" " ind2=" " tag="079">
    <subfield code="a">ocm25829438</subfield>
  </datafield>
  <datafield ind1=" " ind2=" " tag="049">
    <subfield code="a">PULL</subfield>
  </datafield>
  <datafield ind1="1" ind2=" " tag="100">
    <subfield code="6">880-01</subfield>
    <subfield code="a">Ṭabasī al-Najafī, Muḥammad Riḍā,</subfield>
    <subfield code="d">1904 or 1905-1984 or 1985</subfield>
    <subfield code="0">http://id.loc.gov/authorities/names/n80033630</subfield>
  </datafield>
  <datafield ind1="1" ind2="0" tag="245">
    <subfield code="6">880-02</subfield>
    <subfield code="a">Munyat al-rāghib fī Imān Abī Ṭālib /</subfield>
    <subfield code="c">Muḥammad Riḍā al-Ṭabasī al-Najafī.</subfield>
  </datafield>
  <datafield ind1=" " ind2=" " tag="250">
    <subfield code="6">880-03</subfield>
    <subfield code="a">al-Ṭabʻah 1.</subfield>
  </datafield>
  <datafield ind1=" " ind2=" " tag="260">
    <subfield code="6">880-04</subfield>
    <subfield code="a">[Iran] :</subfield>
    <subfield code="b">ʻImād al-Dīn al-Ṭabasī,</subfield>
    <subfield code="c">1394 [1973 or 1974]</subfield>
  </datafield>
  <datafield ind1=" " ind2=" " tag="300">
    <subfield code="a">259 p. ;</subfield>
    <subfield code="c">24 cm.</subfield>
  </datafield>
  <datafield ind1=" " ind2=" " tag="500">
    <subfield code="a">Cover title.</subfield>
  </datafield>
  <datafield ind1="0" ind2="0" tag="600">
    <subfield code="6">880-05</subfield>
    <subfield code="a">Abū Ṭālib ʻAbd Manāf ibn ʻAbd al-Muṭṭalib,</subfield>
    <subfield code="d">approximately 540-approximately 619.</subfield>
    <subfield code="0">http://id.loc.gov/authorities/names/n84022818</subfield>
  </datafield>
  <datafield ind1="1" ind2=" " tag="880">
    <subfield code="6">100-01/r</subfield>
    <subfield code="a">طبسي النجفي، محمد رضا،</subfield>
    <subfield code="d">1904 or 5-1984 or 5.</subfield>
  </datafield>
  <datafield ind1="1" ind2="0" tag="880">
    <subfield code="6">245-02/r</subfield>
    <subfield code="a">منية الراغب في امان ابي طالب /</subfield>
    <subfield code="c">محمد رضا الطبسي النجفي.</subfield>
  </datafield>
  <datafield ind1=" " ind2=" " tag="880">
    <subfield code="6">250-03/r</subfield>
    <subfield code="a">الطبعة 1.</subfield>
  </datafield>
  <datafield ind1=" " ind2=" " tag="880">
    <subfield code="6">260-04/r</subfield>
    <subfield code="a">[ايران] :</subfield>
    <subfield code="b">عماد الدين الطبسي،or 1974]</subfield>
    <subfield code="c">1394 [1973</subfield>
  </datafield>
  <datafield ind1="0" ind2="4" tag="880">
    <subfield code="6">600-05/r</subfield>
    <subfield code="a">ابو طالب عبد مناف بن عبد المطلب،</subfield>
    <subfield code="d">approximately 540-approximately 619.</subfield>
  </datafield>
  <datafield ind1=" " ind2=" " tag="998">
    <subfield code="a">05/07/92</subfield>
    <subfield code="s">9118</subfield>
    <subfield code="n">NjP</subfield>
    <subfield code="w">NJPG89B14657</subfield>
    <subfield code="d">03/23/89</subfield>
    <subfield code="c">JAB</subfield>
    <subfield code="b">JAB</subfield>
    <subfield code="i">920507</subfield>
    <subfield code="l">NJPG</subfield>
  </datafield>
  <datafield ind1=" " ind2=" " tag="911">
    <subfield code="a">19921028</subfield>
  </datafield>
  <datafield ind1=" " ind2=" " tag="912">
    <subfield code="a">19980420062122.0</subfield>
  </datafield>
  <datafield ind1=" " ind2=" " tag="994">
    <subfield code="a">C0</subfield>
    <subfield code="b">PUL</subfield>
  </datafield>
  <datafield ind1=" " ind2=" " tag="999">
    <subfield code="a">501432</subfield>
  </datafield>
  <datafield ind1="0" ind2="0" tag="852">
    <subfield code="0">545466</subfield>
    <subfield code="b">rcppa</subfield>
    <subfield code="t">1</subfield>
    <subfield code="h">BP80.A275</subfield>
    <subfield code="i">T3217 1973</subfield>
    <subfield code="x">tr fr arab</subfield>
  </datafield>
  <datafield ind1=" " ind2=" " tag="959">
    <subfield code="a">2000-06-13 00:00:00 -0500</subfield>
  </datafield>
</record>
